@article{NIH2023Whatis,
  title =	 {What is Diabetes?},
  journal =	 {National Institute of Diabetes and Digestive and Kidney Diseases},
  year =	 2023,
  url = {https://www.niddk.nih.gov/health-information/diabetes/overview/what-is-diabetes},
  key = {Diabetes Overview}
}